<record><leader>00000cas a22000007a 4500</leader><controlfield tag="001">24201013</controlfield><controlfield tag="008">910808d19591959nhuwr ne      0    0eng d</controlfield><datafield ind1=" " ind2=" " tag="010"><subfield code="a">sn 90062593 </subfield></datafield><datafield ind1=" " ind2=" " tag="040"><subfield code="a">NVH</subfield><subfield code="b">eng</subfield><subfield code="c">NVH</subfield><subfield code="d">OCLCQ</subfield></datafield><datafield ind1=" " ind2=" " tag="042"><subfield code="a">msc</subfield></datafield><datafield ind1="0" ind2="0" tag="245"><subfield code="a">Hillsborough messenger Henniker courier and Antrim reporter.</subfield></datafield><datafield ind1=" " ind2=" " tag="260"><subfield code="a">Hillsborough, N.H. :</subfield><subfield code="b">Messenger Pub. and Print.</subfield></datafield><datafield ind1=" " ind2=" " tag="300"><subfield code="a">v.</subfield></datafield><datafield ind1=" " ind2=" " tag="310"><subfield code="a">Weekly</subfield></datafield><datafield ind1="0" ind2=" " tag="362"><subfield code="a">Vol. 82, no. 34 (Aug. 6, 1959)-v. 83, no. 2 (Dec. 31, 1959).</subfield></datafield><datafield ind1=" " ind2=" " tag="752"><subfield code="a">United States</subfield><subfield code="b">New Hampshire</subfield><subfield code="c">Hillsborough</subfield><subfield code="d">Hillsborough.</subfield></datafield><datafield ind1="0" ind2="0" tag="780"><subfield code="t">Messenger (Hillsborough, N.H. : 1959)</subfield><subfield code="w">(DLC)sn 90062592</subfield></datafield><datafield ind1="0" ind2="7" tag="785"><subfield code="t">Tri-town yankee</subfield><subfield code="w">(DLC)sn 91063163</subfield></datafield><datafield ind1="0" ind2="7" tag="785"><subfield code="t">Hillsborough messenger tri-town yankee Henniker courier Antrim reporter</subfield><subfield code="w">(DLC)sn 90062594</subfield></datafield></record>